@article{ferraro2017fastdoop,
	title={FASTdoop: a versatile and efficient library for the input of FASTA and FASTQ files for MapReduce Hadoop bioinformatics applications},
	author={Ferraro Petrillo, Umberto and Roscigno, Gianluca and Cattaneo, Giuseppe and Giancarlo, Raffaele},
	journal={Bioinformatics},
	volume={33},
	number={10},
	pages={1575--1577},
	year={2017},
	publisher={Oxford University Press}
}
@article{taylor2010overview,
	title={An overview of the Hadoop/MapReduce/HBase framework and its current applications in bioinformatics},
	author={Taylor, Ronald C},
	journal={BMC bioinformatics},
	volume={11},
	number={12},
	pages={S1},
	year={2010},
	publisher={BioMed Central}
}
@article{mckenna2010genome,
	title={The Genome Analysis Toolkit: a MapReduce framework for analyzing next-generation DNA sequencing data},
	author={McKenna, Aaron and Hanna, Matthew and Banks, Eric and Sivachenko, Andrey and Cibulskis, Kristian and Kernytsky, Andrew and Garimella, Kiran and Altshuler, David and Gabriel, Stacey and Daly, Mark and others},
	journal={Genome research},
	volume={20},
	number={9},
	pages={1297--1303},
	year={2010},
	publisher={Cold Spring Harbor Lab}
}
@inproceedings{smith2013mathematization,
  title={Mathematization in teaching pumping lemmas},
  author={Smith, Therese and McCartney, Robert},
  booktitle={Frontiers in Education Conference, 2013 IEEE},
  pages={1671--1677},
  year={2013},
  organization={IEEE}
}
@inproceedings{smith2014computer,
	title={Computer science students' concepts of proof by induction},
	author={Smith, Th{\'e}r{\`e}se and McCartney, Robert},
	booktitle={Proceedings of the 14th Koli Calling International Conference on Computing Education Research},
	pages={51--60},
	year={2014},
	organization={ACM}
}
@article{smith2016categories,
	title={Categories of Conceptions of Proofs by Students of Computer Science},
	author={Smith, Th{\'e}r{\`e}se},
	year={2016}
}
@inproceedings{ammar2013developing,
	title={Developing time constraints in Petri net models of biochemical processes via computation structure modeling},
	author={Ammar, Reda and Smith, Therese},
	booktitle={Signal Processing and Information Technology (ISSPIT), 2013 IEEE International Symposium on},
	pages={000034--000039},
	year={2013},
	organization={IEEE}
}
@book{lynch1996distributed,
	title={Distributed algorithms},
	author={Lynch, Nancy A},
	year={1996},
	publisher={Morgan Kaufmann}
}
@article{kelly2015malaria,
	title={Malaria parasites produce volatile mosquito attractants},
	author={Kelly, Megan and Su, Chih-Ying and Schaber, Chad and Crowley, Jan R and Hsu, Fong-Fu and Carlson, John R and Odom, Audrey R},
	journal={MBio},
	volume={6},
	number={2},
	pages={e00235--15},
	year={2015},
	publisher={Am Soc Microbiol}
}
@misc{pihadoop,
howpublished = \url{http://www.widriksson.com/raspberry-pi-hadoop-cluster/}
}
@inproceedings{cattaneo2016mapreduce,
	title={MapReduce in Computational Biology-A Synopsis},
	author={Cattaneo, Giuseppe and Giancarlo, Raffaele and Piotto, Stefano and Petrillo, Umberto Ferraro and Roscigno, Gianluca and Di Biasi, Luigi},
	booktitle={Italian Workshop on Artificial Life and Evolutionary Computation},
	pages={53--64},
	year={2016},
	organization={Springer}
}